@Misc{SalObj,
  author = {Russell Owen},
   title = "{Object-oriented interface to SAL}",
    year = 2019,
  handle = {SalObj},
     url = {https://ts-salobj.lsst.io}
}

@Misc{DMTN-106,
  author = {Gabriele Comoretto},
   title = "{DM Release Process}",
    year = 2019,
  handle = {DMTN-106},
     url = {https://dmtn-106.lsst.io/}
}

@Misc{DMTN-104,
  author = {Gabriele Comoretto},
   title = "{Data Management Detailed Product Tree}",
    year = 2019,
  handle = {DMTN-104},
     url = {https://dmtn-104.lsst.io/}
}

@Misc{TsDevGuide,
  author = {{LSST Telescope \& Site Software}},
   title = "{LSST T\&S Developer Guide}",
  handle = {T\&S Developer Guide},
     url = {https://tssw-developer.lsst.io/}
}

@Misc{xml,
  author = {{LSST Telescope \& Site Software}},
   title = "{LSST Commandable SAL Components (CSC)}",
  handle = {Commandable SAL Components},
     url = {https://ts-xml.lsst.io}
}

@Misc{LTS-307 ,
  author = {{Paul Lotz}},
   title = "{TCS Software Component Interface}",
  handle = {LTS-307},
     url = {https://docushare.lsst.org/docushare/dsweb/Services/LTS-307}
}

@Misc{LTS-209 ,
  author = {{Tiago Ribeiro, Francisco Delgado, German Schumacher and Philip N. Daly}},
   title = "{Observatory Control System Design}",
  handle = {LTS-209},
     url = {https://docushare.lsst.org/docushare/dsweb/Services/LTS-209}
}

@Misc{LSE-74 ,
  author = {{D. Mills}},
   title = "{Middleware Communications - Service Abstraction Layer}",
  handle = {LSE-74},
     url = {https://docushare.lsst.org/docushare/dsweb/Services/LSE-74}
}

@Misc{LSE-150 ,
  author = {{Tiago Ribeiro, William O?Mullane, Tim Axelrod, Dave Mills}},
   title = "{Control Software Architecture}",
  handle = {LSE-150},
     url = {https://docushare.lsst.org/docushare/dsweb/Services/LSE-150}
}
